@incollection{vermeerbergen2023,
  author = {Vermeerbergen, Myriam and Van Herreweghe, Mieke},
  title = {Sign language and sign language research},
  booktitle = {The Routledge International Handbook of Psycholinguistic and Cognitive Processes},
  pages = {528-546},
  year = {2023},
  publisher = {Routledge}
}

@article{beukeleers2022show,
  title={Show me what you’ve b/seen: A brief history of depiction},
  author={Beukeleers, Inez and Vermeerbergen, Myriam},
  journal={Frontiers in Psychology},
  volume={13},
  pages={808814},
  year={2022},
  publisher={Frontiers Media SA}
}

@book{beuzeville2006visual,
  title={Visual and linguistic representation in the acquisition of depicting verbs: A study of native signing deaf children of Auslan (Australian Sign Language)},
  author={De Beuzeville, Louise},
  year={2006},
  publisher={University of Newcastle Newcastle, Australia}
}

@incollection{zwitserlood2012,
  author = {Zwitserlood, Inge},
  title = {Classifiers},
  booktitle = {Sign Language: An International Handbook},
  editor = {Pfau, Roland and Steinbach, Markus and Woll, Bencie},
  year = {2012},
  publisher = {Mouton de Gruyter},
  address = {Berlin}
}

@article{kimmelman2020,
  author = {Kimmelman, Vadim and Pfau, Roland and Aboh, Enoch O.},
  title = {Argument structure of classifier predicates in Russian Sign Language},
  journal = {Natural Language \& Linguistic Theory},
  volume = {38},
  pages = {539-579},
  year = {2020}
}

@article{morgan2007,
  author = {Morgan, Gary and Woll, Bencie},
  title = {Understanding sign language classifiers through a poly-componential approach},
  journal = {Lingua},
  volume = {117},
  number = {7},
  pages = {1159-1168},
  year = {2007}
}

@incollection{schembri2003,
  author = {Schembri, Adam},
  title = {Rethinking “classifiers” in signed languages},
  booktitle = {Perspectives on classifier constructions in sign languages},
  pages = {3-34},
  year = {2003}
}

@inproceedings{wilbur2003,
  author = {Wilbur, Ronnie},
  title = {Representations of telicity in ASL},
  booktitle = {Proceedings from the annual meeting of the Chicago Linguistic Society},
  volume = {39},
  number = {1},
  pages = {354-368},
  month = {January},
  year = {2003},
  organization = {Chicago Linguistic Society}
}

@book{leeson2012,
  author = {Leeson, Lorraine and Saeed, John I.},
  title = {Irish Sign Language: A cognitive linguistic account},
  year = {2012}
}

@book{valli2001linguistics,
  title={Linguistics of American sign language: An introduction},
  author={Valli, Clayton and Lucas, Ceil},
  year={2001},
  publisher={Gallaudet University Press}
}

@inproceedings{krebs2022,
  author = {Krebs, Julia and Malaia, Evie and Wilbur, Ronnie B. and Roehm, Dietmar},
  title = {Neural mechanisms of Event Visibility in sign languages},
  booktitle = {Proceedings of the Annual Meeting of the Cognitive Science Society},
  volume = {44},
  number = {44},
  year = {2022}
}

@incollection{quer2021,
  author = {Quer, Josep},
  title = {Verb agreement: Theoretical perspectives},
  booktitle = {The Routledge Handbook of theoretical and experimental sign language research},
  pages = {95-121},
  year = {2021},
  publisher = {Routledge}
}

@incollection{mathur2012,
  author = {Mathur, Gaurav and Rathmann, Christian and Pfau, Roland and Steinbach, Markus and Woll, Bencie},
  title = {Verb agreement},
  booktitle = {Sign language: An international handbook},
  pages = {136-157},
  year = {2012}
}

@book{schembri1996structure,
  title={The structure and formation of signs in Auslan},
  author={Schembri, Adam C},
  year={1996},
  publisher={Sydney: North Rocks Press}
}

@inproceedings{verlinden2002signing,
  title={A Signing Avatar on the WWW},
  author={Verlinden, Margriet and Tijsseling, Corrie and Frowein, Han},
  booktitle={Gesture and Sign Language in Human-Computer Interaction: International Gesture Workshop, GW 2001 London, UK, April 18--20, 2001 Revised Papers},
  pages={169--172},
  year={2002},
  organization={Springer}
}

@inproceedings{jennings2010requirements,
  title={Requirements for a signing avatar},
  author={Jennings, Vince and Elliott, Ralph and Kennaway, Richard and Glauert, John},
  booktitle={sign-lang@ LREC 2010},
  pages={133--136},
  year={2010},
  organization={European Language Resources Association (ELRA)}
}

@article{elliott2004overview,
  title={An overview of the SiGML notation and SiGMLSigning software system},
  author={Elliott, Ralph and Glauert, John and Jennings, Vince and Kennaway, Richard},
  journal={sign-lang@ LREC 2004},
  pages={98--104},
  year={2004},
  publisher={European Language Resources Association (ELRA)}
}

@article{elliott2008linguistic,
  title={Linguistic modelling and language-processing technologies for Avatar-based sign language presentation},
  author={Elliott, Ralph and Glauert, John RW and Kennaway, JR and Marshall, Ian and Safar, Eva},
  journal={Universal access in the information society},
  volume={6},
  pages={375--391},
  year={2008},
  publisher={Springer}
}

@inproceedings{quandt2020teaching,
  title={Teaching ASL signs using signing avatars and immersive learning in virtual reality},
  author={Quandt, Lorna},
  booktitle={Proceedings of the 22nd International ACM SIGACCESS Conference on Computers and Accessibility},
  pages={1--4},
  year={2020}
}

@inproceedings{courty2010creation,
  title={Why is the creation of a virtual signer challenging computer animation?},
  author={Courty, Nicolas and Gibet, Sylvie},
  booktitle={International Conference on Motion in Games},
  pages={290--300},
  year={2010},
  organization={Springer}
}

@article{naert2020survey,
  title={A survey on the animation of signing avatars: From sign representation to utterance synthesis},
  author={Naert, Lucie and Larboulette, Caroline and Gibet, Sylvie},
  journal={Computers \& Graphics},
  volume={92},
  pages={76--98},
  year={2020},
  publisher={Elsevier}
}

@article{sallandre2007simultaneity,
  title={Simultaneity in French sign language discourse},
  author={Sallandre, M},
  journal={Vermeerbergen, Leeson, and Crasborn (eds.): Simultaneity in Signed Languages: Form and Function},
  year={2007}
}

@article{sutton2007mouthings,
  title={Mouthings and simultaneity in British sign language},
  author={Sutton-Spence, Rachel},
  journal={Simultaneity in signed languages},
  pages={147--162},
  year={2007},
  publisher={Amsterdam/Philadelphia: John Benjamins}
}

@ARTICLE{iconicityperlman,
AUTHOR={Perlman, Marcus and Little, Hannah and Thompson, Bill and Thompson, Robin L.},   	 
TITLE={Iconicity in Signed and Spoken Vocabulary: A Comparison Between American Sign Language, British Sign Language, English, and Spanish},      	
JOURNAL={Frontiers in Psychology},      	
VOLUME={9},           	
YEAR={2018},      	  
URL={https://www.frontiersin.org/articles/10.3389/fpsyg.2018.01433},       
DOI={10.3389/fpsyg.2018.01433},      
ISSN={1664-1078}
}

@article{prillwitz1989hamnosys,
  title={HamNoSys Version 2.0; Hamburg Notation System for Sign Languages},
  author={Prillwitz, Siegmund and Leven, Regina and Zienert, Heiko and Hanke, Thomas and Henning, Jan},
  journal={International Studies on Sign Language and Communication of the Deaf},
  year={1989}
}

@inproceedings{glauert2011extending,
  title={Extending the SiGML notation--a progress report},
  author={Glauert, John and Elliott, Ralph},
  booktitle={Second International Workshop on Sign Language Translation and Avatar Technology (SLTAT)},
  volume={23},
  year={2011}
}

@article{heloir2010real,
  title={Real-time animation of interactive agents: Specification and realization},
  author={Heloir, Alexis and Kipp, Michael},
  journal={Applied Artificial Intelligence},
  volume={24},
  number={6},
  pages={510--529},
  year={2010},
  publisher={Taylor \& Francis}
}

@inproceedings{filhol2018extending,
  title={Extending the AZee-Paula shortcuts to enable natural proform synthesis},
  author={Filhol, Michael and McDonald, John C},
  booktitle={sign-lang@ LREC 2018},
  pages={45--52},
  year={2018},
  organization={European Language Resources Association (ELRA)}
}

@inproceedings{kipp2011sign,
  title={Sign language avatars: Animation and comprehensibility},
  author={Kipp, Michael and Heloir, Alexis and Nguyen, Quan},
  booktitle={Intelligent Virtual Agents: 10th International Conference, IVA 2011, Reykjavik, Iceland, September 15-17, 2011. Proceedings 11},
  pages={113--126},
  year={2011},
  organization={Springer}
}

@inproceedings{roelofsen2021sign,
  title={Sign language translation in a healthcare setting},
  author={Roelofsen, Floris and Esselink, Lyke and Mende-Gillings, Shani and Smeijers, Anika},
  booktitle={Proceedings of the Translation and Interpreting Technology Online Conference},
  pages={110--124},
  year={2021}
}

@inproceedings{kipp2011assessing,
  title={Assessing the deaf user perspective on sign language avatars},
  author={Kipp, Michael and Nguyen, Quan and Heloir, Alexis and Matthes, Silke},
  booktitle={The proceedings of the 13th international ACM SIGACCESS conference on Computers and accessibility},
  pages={107--114},
  year={2011}
}
@article{stokoe2005sign,
  title={Sign language structure: An outline of the visual communication systems of the American deaf},
  author={Stokoe Jr, William C},
  journal={Journal of deaf studies and deaf education},
  volume={10},
  number={1},
  pages={3--37},
  year={2005},
  publisher={Oxford University Press}
}
@article{stokoe1976dictionary,
  title={A dictionary of American Sign Language on linguistic principles},
  author={Stokoe, William C and Casterline, Dorothy C and Croneberg, Carl G},
  journal={(No Title)},
  year={1976}
}

@inproceedings{kaur2014hamnosys,
  title={HamNoSys generation system for sign language},
  author={Kaur, Rupinder and Kumar, Parteek},
  booktitle={2014 International Conference on Advances in Computing, Communications and Informatics (ICACCI)},
  pages={2727--2734},
  year={2014},
  organization={IEEE}
}

@article{da2003signwriting,
  title={SignWriting and SWML: Paving the way to sign language processing},
  author={da Rocha Costa, Antonio Carlos and Dimuro, Gra{\c{c}}aliz Pereira},
  journal={Atelier Traitement Automatique des Langues des Signes, TALN},
  volume={2003},
  year={2003},
  publisher={Citeseer}
}

@article{johnson2011segmental,
  title={A segmental framework for representing signs phonetically},
  author={Johnson, Robert E and Liddell, Scott K},
  journal={Sign Language Studies},
  volume={11},
  number={3},
  pages={408--463},
  year={2011},
  publisher={JSTOR}
}

@inproceedings{glauert2011extending,
  title={Extending the SiGML notation--a progress report},
  author={Glauert, John and Elliott, Ralph},
  booktitle={Second International Workshop on Sign Language Translation and Avatar Technology (SLTAT)},
  volume={23},
  year={2011}
}

@inproceedings{kennaway2003experience,
  title={Experience with and requirements for a gesture description language for synthetic animation},
  author={Kennaway, Richard},
  booktitle={International Gesture Workshop},
  pages={300--311},
  year={2003},
  organization={Springer}
}

@inproceedings{do2011sign,
  title={Sign language 3D virtual agent},
  author={do Amaral, Wanessa Machado and De Martino, Jos{\'e} Mario and Angare, Leandro Martin Guertzenstein},
  booktitle={Education and Information Systems, Technologies and Applications Conference},
  year={2011}
}

@article{de2017signing,
  title={Signing avatars: making education more inclusive},
  author={De Martino, Jos{\'e} Mario and Silva, Ivani Rodrigues and Bolognini, Carmen Zink and Costa, Paula Dornhofer Paro and Kumada, Kate Mamhy Oliveira and Coradine, Luis Cl{\'a}udius and Brito, Patrick Henrique da Silva and do Amaral, Wanessa Machado and Benetti, {\^A}ngelo Brand{\~a}o and Poeta, Enzo Telles and others},
  journal={Universal access in the information society},
  volume={16},
  pages={793--808},
  year={2017},
  publisher={Springer}
}


@inproceedings{lebourque1999high,
  title={High level specification and control of communication gestures: the GESSYCA system},
  author={Lebourque, Thierry and Gibet, Sylvie},
  booktitle={Proceedings Computer Animation 1999},
  pages={24--35},
  year={1999},
  organization={IEEE}
}

@phdthesis{losson2000modelisation,
  title={Mod{\'e}lisation du geste communicatif et r{\'e}alisation d'un signeur virtuel de phrases en langue des signes gran{\c{c}}aise},
  author={Losson, Olivier},
  year={2000},
  school={Universit{\'e} des Sciences et Technologie de Lille-Lille I}
}

@article{heloir2010real,
  title={Real-time animation of interactive agents: Specification and realization},
  author={Heloir, Alexis and Kipp, Michael},
  journal={Applied Artificial Intelligence},
  volume={24},
  number={6},
  pages={510--529},
  year={2010},
  publisher={Taylor \& Francis}
}

@phdthesis{filhol2008modele,
  title={Descriptive model of signs for automatic processing of sign languages},
  author={Filhol, Michael},
  year={2008},
  school={Universit{\'e} Paris Sud-Paris XI}
}

@inbook{signlanguagerecogn,
author = {Prikhodko, Alexey and Grif, Mikhail and Bakaev, Maxim},
year = {2020},
month = {06},
pages = {463-478},
title = {Sign Language Recognition Based on Notations and Neural Networks},
isbn = {978-3-030-65217-3},
doi = {10.1007/978-3-030-65218-0_34}
}

@inproceedings{vilhjalmsson2007behavior,
  title={The behavior markup language: Recent developments and challenges},
  author={Vilhj{\'a}lmsson, Hannes and Cantelmo, Nathan and Cassell, Justine and E. Chafai, Nicolas and Kipp, Michael and Kopp, Stefan and Mancini, Maurizio and Marsella, Stacy and Marshall, Andrew N and Pelachaud, Catherine and others},
  booktitle={Intelligent Virtual Agents: 7th International Conference, IVA 2007 Paris, France, September 17-19, 2007 Proceedings 7},
  pages={99--111},
  year={2007},
  organization={Springer}
}

@article{murtagh2019linguistically,
  title={A linguistically motivated computational framework for irish sign language},
  author={Murtagh, Irene Elizabeth},
  journal={Trinity College},
  year={2019}
}

@inproceedings{murtagh-etal-2022-sign,
    title = "Sign Language Machine Translation and the Sign Language Lexicon: A Linguistically Informed Approach",
    author = "Murtagh, Irene  and
      Nogales, V{\'\i}ctor Ubieto  and
      Blat, Josep",
    editor = "Duh, Kevin  and
      Guzm{\'a}n, Francisco",
    booktitle = "Proceedings of the 15th biennial conference of the Association for Machine Translation in the Americas (Volume 1: Research Track)",
    month = sep,
    year = "2022",
    address = "Orlando, USA",
    publisher = "Association for Machine Translation in the Americas",
    url = "https://aclanthology.org/2022.amta-research.18",
    pages = "240--251"  
}

@article{paulaAvatar,
  title={An automated technique for real-time production of lifelike animations of American Sign Language},
  author={McDonald, John and Wolfe, Rosalee and Schnepp, Jerry and Hochgesang, Julie and Jamrozik, Diana Gorman and Stumbo, Marie and Berke, Larwan and Bialek, Melissa and Thomas, Farah},
  journal={Universal Access in the Information Society},
  volume={15},
  pages={551--566},
  year={2016},
  publisher={Springer}
}


@inproceedings{braffort2007demonstrations,
  title={D{\'e}monstrations d'Elsi, la signeuse virtuelle du LIMSI},
  author={Braffort, Annelies and Bolot, Laurence and Filhol, Michael and Verrecchia, Cyril},
  booktitle={Conf{\'e}rence sur le Traitement Automatique des Langues Naturelles (TALN), Traitement automatique des langues des signes (atelier TALS)},
  year={2007}
}

@inproceedings{lebourque1999high,
  title={High level specification and control of communication gestures: the GESSYCA system},
  author={Lebourque, Thierry and Gibet, Sylvie},
  booktitle={Proceedings Computer Animation 1999},
  pages={24--35},
  year={1999},
  organization={IEEE}
}

@book{van1997syntax,
  title={Syntax: Structure, meaning, and function},
  author={Van Valin Jr, Robert D and LaPolla, Randy J},
  year={1997},
  publisher={Cambridge University Press}
}

@article{van2009overview,
  title={An overview of role and reference grammar},
  author={Van Valin Jr, Robert D},
  journal={Online: http://linguistics. buffalo. edu/people/faculty/vanvalin/rrg/RRG\_overview. pdf. Accessed},
  volume={23},
  year={2009}
}

@book{van2005exploring,
  title={Exploring the syntax-semantics interface},
  author={Van Valin Jr, Robert D},
  year={2005},
  publisher={Cambridge University Press}
}